@article{Medium,
    author={G. Myrianthous},
    title={Feature Scaling and Normalisation in a nutshell},
    year={Jul. 05, 	2020},
    url ={https://medium.com/analytics-vidhya/feature-scaling-and-normalisation-in-a-nutshell-5319af86f89b },
    Journal={Medium},    
}
@article{Normalization,
    author={S. Ioffe and C. Szegedy,},
    title={Batch Normalization: Accelerating Deep Network Training by Reducing Internal Covariate Shift},
    year={Mar. 2015 },
    url={http://arxiv.org/abs/1502.03167},  
}